@misc{misc1,
   author = "Wikimedia Commons",
   title = "File:Binomial theorem visualisation.svg --- Wikimedia Commons{,} the free media repository",
   year = "2024",
   howpublished = "\url{https://commons.wikimedia.org/w/index.php?title=File:Binomial_theorem_visualisation.svg&oldid=863042960}",
   note = "[Online; accessed 27-April-2024]"
 }

@misc{1708.07429,
Author = {Tom Bannink and Harry Buhrman},
Title = {Quantum Pascal's Triangle and Sierpinski's carpet},
howpublished = "\url{https://arxiv.org/pdf/1708.07429#:~:text=Pascal's%20triangle%20is%20a%20well,is%20considered%20modulo%20prime%20powers.}",
note = "[Página 1]",
Year = {2017}
}

@misc{Pascal,
   author = "David, Benjamin",
   title = "Numbers and number patterns in Pascal’s triangle",
   year = "2022",
   howpublished = "\url{https://aperiodical.com/2022/02/numbers-and-number-patterns-in-pascals-triangle/}"
 }

 @misc{ wiki:xxx,
   author = "Wikimedia Commons",
   title = "File:Sierpinski triangle.svg --- Wikimedia Commons{,} the free media repository",
   year = "2021",
   howpublished = "\url{https://commons.wikimedia.org/w/index.php?title=File:Sierpinski_triangle.svg&oldid=553710063}",
   note = "[Online; accessed 27-April-2024]"
 }